<record xmlns="http://www.loc.gov/MARC21/slim" xmlns:xsi="http://www.w3.org/2001/XMLSchema-instance" xsi:schemaLocation="http://www.loc.gov/MARC21/slim http://www.loc.gov/standards/marcxml/schema/MARC21slim.xsd"><leader>00474nz   2200145n  4500</leader><controlfield tag="001">oca01770685 </controlfield><controlfield tag="005">19870303063936.6</controlfield><controlfield tag="008">861219n| acannaab|          |a aaa |||  </controlfield><datafield ind1=" " ind2=" " tag="010"><subfield code="a">n  86091597 </subfield></datafield><datafield ind1=" " ind2=" " tag="040"><subfield code="a">DLC</subfield><subfield code="c">DLC</subfield></datafield><datafield ind1="0" ind2=" " tag="100"><subfield code="a">Cercidas.</subfield></datafield><datafield ind1="0" ind2=" " tag="400"><subfield code="a">Kerkidas</subfield></datafield><datafield ind1=" " ind2=" " tag="670"><subfield code="a">Studi Cercidei, 1986:</subfield><subfield code="b">t.p. (Cercidei)</subfield></datafield><datafield ind1=" " ind2=" " tag="670"><subfield code="a">Oxford class. dict.</subfield><subfield code="b">(Cercidas, ca 290-ca. 220 B.C.; outside politics, he attained fame as a cynic philosopher and poet)</subfield></datafield><datafield ind1=" " ind2=" " tag="670"><subfield code="a">Papyros-Larous.</subfield><subfield code="b">(Kerkidas)</subfield></datafield></record>